\usepackage[backend=bibtex]{biblatex}
\addbibresource{yourbibfile.bib}  % Replace with the actual name of your BibTeX file

\begin{filecontents}{yourbibfile.bib}
@book{stewart2015precalculus,
  author    = {James Stewart and Lothar Redlin and Saleem Watson},
  title     = {Precalculus Mathematics for Calculus},
  year      = {2015},
  publisher = {Cengage Learning},
}

@misc{tikzsnippets,
  author      = {L. K. Williams},
  title       = {TikZ Gallery},
  url         = {https://www.integral-domain.org/lwilliams/Resources/tikzsnippets.php},
  note        = {Accessed on: 2023-12-11},
}

@book{abbott2015understanding,
  author    = {Stephen Abbott},
  title     = {Understanding Analysis},
  publisher = {Springer},
  year      = {2015},
  address   = {New York},
}
